@inproceedings{phigaro,
  author        = "Martin Husak and Jakub Cegan",
  title         = "PhiGARo: Automatic Phishing Detection and Incident Response Framework",
  booktitle     = "2014 Ninth International Conference on Availability, Reliability and Security",
  address       = "Fribourg, Switzerland",
  month         = sept,
  year          = "2004",
  pages         = ""
}

@inproceedings{khonji,
  author        = "Mahmoud Khonji and Youssef Iraqi and Andrew Jones",
  title         = "Phishing Detection: A Literature Survey",
  booktitle     = "IEEE Communications Surveys and Tutorials",
  address       = "",
  month         = april,
  year          = "2013",
  pages         = "2091-2121"
}
